% the paper to summarize
@article{ray2019benchmarking,
  title={Benchmarking safe exploration in deep reinforcement learning},
  author={Ray, Alex and Achiam, Joshua and Amodei, Dario},
  journal={arXiv preprint arXiv:1910.01708},
  volume={7},
  number={1},
  pages={2},
  year={2019}
}

% TRPO
@inproceedings{schulman2015trust,
  title={Trust region policy optimization},
  author={Schulman, John and Levine, Sergey and Abbeel, Pieter and Jordan, Michael and Moritz, Philipp},
  booktitle={International conference on machine learning},
  pages={1889--1897},
  year={2015},
  organization={PMLR}
}

% PPO
@article{schulman2017proximal,
  title={Proximal policy optimization algorithms},
  author={Schulman, John and Wolski, Filip and Dhariwal, Prafulla and Radford, Alec and Klimov, Oleg},
  journal={arXiv preprint arXiv:1707.06347},
  year={2017}
}

% CPO
@inproceedings{achiam2017constrained,
  title={Constrained policy optimization},
  author={Achiam, Joshua and Held, David and Tamar, Aviv and Abbeel, Pieter},
  booktitle={International conference on machine learning},
  pages={22--31},
  year={2017},
  organization={PMLR}
}

% suvery: safety problem 1
@article{amodei2016concrete,
  title={Concrete problems in AI safety},
  author={Amodei, Dario and Olah, Chris and Steinhardt, Jacob and Christiano, Paul and Schulman, John and Man{\'e}, Dan},
  journal={arXiv preprint arXiv:1606.06565},
  year={2016}
}

% suvery: safety problem 2
@article{leike2017ai,
  title={AI safety gridworlds},
  author={Leike, Jan and Martic, Miljan and Krakovna, Victoria and Ortega, Pedro A and Everitt, Tom and Lefrancq, Andrew and Orseau, Laurent and Legg, Shane},
  journal={arXiv preprint arXiv:1711.09883},
  year={2017}
}

% safety def. 1
@inproceedings{hans2008safe,
  title={Safe exploration for reinforcement learning.},
  author={Hans, Alexander and Schneega{\ss}, Daniel and Sch{\"a}fer, Anton Maximilian and Udluft, Steffen},
  booktitle={ESANN},
  pages={143--148},
  year={2008}
}

% safety def. 2
@article{haviv1996constrained,
  title={On constrained Markov decision processes},
  author={Haviv, Moshe},
  journal={Operations research letters},
  volume={19},
  number={1},
  pages={25--28},
  year={1996},
  publisher={Elsevier}
}

% safety def. human preference 1
@article{hadfield2016cooperative,
  title={Cooperative inverse reinforcement learning},
  author={Hadfield-Menell, Dylan and Russell, Stuart J and Abbeel, Pieter and Dragan, Anca},
  journal={Advances in neural information processing systems},
  volume={29},
  year={2016}
}

% safety def. human preference 2
@article{christiano2017deep,
  title={Deep reinforcement learning from human preferences},
  author={Christiano, Paul F and Leike, Jan and Brown, Tom and Martic, Miljan and Legg, Shane and Amodei, Dario},
  journal={Advances in neural information processing systems},
  volume={30},
  year={2017}
}

% safety def. human preference 3
@article{irving2018ai,
  title={AI safety via debate},
  author={Irving, Geoffrey and Christiano, Paul and Amodei, Dario},
  journal={arXiv preprint arXiv:1805.00899},
  year={2018}
}

% safety def. human preference 4
@article{leike2018scalable,
  title={Scalable agent alignment via reward modeling: a research direction},
  author={Leike, Jan and Krueger, David and Everitt, Tom and Martic, Miljan and Maini, Vishal and Legg, Shane},
  journal={arXiv preprint arXiv:1811.07871},
  year={2018}
}

% safety algo. 1
@article{kenton2019generalizing,
  title={Generalizing from a few environments in safety-critical reinforcement learning},
  author={Kenton, Zachary and Filos, Angelos and Evans, Owain and Gal, Yarin},
  journal={arXiv preprint arXiv:1907.01475},
  year={2019}
}

% safety algo. 2
@article{dalal2018safe,
  title={Safe exploration in continuous action spaces},
  author={Dalal, Gal and Dvijotham, Krishnamurthy and Vecerik, Matej and Hester, Todd and Paduraru, Cosmin and Tassa, Yuval},
  journal={arXiv preprint arXiv:1801.08757},
  year={2018}
}

% safety algo. 3
@article{chow2019lyapunov,
  title={Lyapunov-based safe policy optimization for continuous control},
  author={Chow, Yinlam and Nachum, Ofir and Faust, Aleksandra and Duenez-Guzman, Edgar and Ghavamzadeh, Mohammad},
  journal={arXiv preprint arXiv:1901.10031},
  year={2019}
}

% safety algo. 4
@article{saunders2017trial,
  title={Trial without error: Towards safe reinforcement learning via human intervention},
  author={Saunders, William and Sastry, Girish and Stuhlmueller, Andreas and Evans, Owain},
  journal={arXiv preprint arXiv:1707.05173},
  year={2017}
}

% benchmark 1, Atari
@article{bellemare2013arcade,
  title={The arcade learning environment: An evaluation platform for general agents},
  author={Bellemare, Marc G and Naddaf, Yavar and Veness, Joel and Bowling, Michael},
  journal={Journal of artificial intelligence research},
  volume={47},
  pages={253--279},
  year={2013}
}

% benchmark 2, OpenAI gym
@article{brockman2016openai,
  title={Openai gym},
  author={Brockman, Greg and Cheung, Vicki and Pettersson, Ludwig and Schneider, Jonas and Schulman, John and Tang, Jie and Zaremba, Wojciech},
  journal={arXiv preprint arXiv:1606.01540},
  year={2016}
}

% benchmark 3, DeepMind control suite
@article{tassa2018deepmind,
  title={Deepmind control suite},
  author={Tassa, Yuval and Doron, Yotam and Muldal, Alistair and Erez, Tom and Li, Yazhe and Casas, Diego de Las and Budden, David and Abdolmaleki, Abbas and Merel, Josh and Lefrancq, Andrew and others},
  journal={arXiv preprint arXiv:1801.00690},
  year={2018}
}

% benchmark 4, MuJoCo
@inproceedings{todorov2012mujoco,
  title={Mujoco: A physics engine for model-based control},
  author={Todorov, Emanuel and Erez, Tom and Tassa, Yuval},
  booktitle={2012 IEEE/RSJ international conference on intelligent robots and systems},
  pages={5026--5033},
  year={2012},
  organization={IEEE}
}

% benchmark 5, CoinRun
@inproceedings{cobbe2019quantifying,
  title={Quantifying generalization in reinforcement learning},
  author={Cobbe, Karl and Klimov, Oleg and Hesse, Chris and Kim, Taehoon and Schulman, John},
  booktitle={International conference on machine learning},
  pages={1282--1289},
  year={2019},
  organization={PMLR}
}

% Safety Gymnasium
@inproceedings{ji2023safety,
  title={Safety Gymnasium: A Unified Safe Reinforcement Learning Benchmark},
  author={Jiaming Ji and Borong Zhang and Jiayi Zhou and Xuehai Pan and Weidong Huang and Ruiyang Sun and Yiran Geng and Yifan Zhong and Josef Dai and Yaodong Yang},
  booktitle={Thirty-seventh Conference on Neural Information Processing Systems Datasets and Benchmarks Track},
  year={2023},
  url={https://openreview.net/forum?id=WZmlxIuIGR}
}





