@misc{news2024,
  author = {Tim Johns},
  title = {Waymo cars honk at each other throughout the night, disturbing SF neighbors},
  year = {2024},
  url = {https://abc7ne.ws/3Ai47Ci}
}

@misc{highway-env,
  author = {Leurent, Edouard},
  title = {An Environment for Autonomous Driving Decision-Making},
  year = {2018},
  publisher = {GitHub},
  journal = {GitHub repository},
  howpublished = {\url{https://github.com/eleurent/highway-env}},
}

@article{towers2024gymnasium,
  title={Gymnasium: A Standard Interface for Reinforcement Learning Environments},
  author={Towers, Mark and Kwiatkowski, Ariel and Terry, Jordan and Balis, John U and De Cola, Gianluca and Deleu, Tristan and Goul{\~a}o, Manuel and Kallinteris, Andreas and Krimmel, Markus and KG, Arjun and others},
  journal={arXiv preprint arXiv:2407.17032},
  year={2024}
}

% ---------RL for parking-------------
@article{kapoor2020model,
  title={Model-based reinforcement learning from signal temporal logic specifications},
  author={Kapoor, Parv and Balakrishnan, Anand and Deshmukh, Jyotirmoy V},
  journal={arXiv preprint arXiv:2011.04950},
  year={2020}
}

@mastersthesis{moreira2021deep,
  title={Deep Reinforcement Learning for Automated Parking},
  author={Moreira, Dinis},
  year={2021},
  school={Universidade do Porto (Portugal)}
}

@inproceedings{lazzaroni2023automated,
  title={Automated parking in CARLA: A deep reinforcement learning-based approach},
  author={Lazzaroni, Luca and Pighetti, Alessandro and Bellotti, Francesco and Capello, Alessio and Cossu, Marianna and Berta, Riccardo},
  booktitle={International Conference on Applications in Electronics Pervading Industry, Environment and Society},
  pages={352--357},
  year={2023},
  organization={Springer}
}

@article{stable-baselines3,
  author  = {Antonin Raffin and Ashley Hill and Adam Gleave and Anssi Kanervisto and Maximilian Ernestus and Noah Dormann},
  title   = {Stable-Baselines3: Reliable Reinforcement Learning Implementations},
  journal = {Journal of Machine Learning Research},
  year    = {2021},
  volume  = {22},
  number  = {268},
  pages   = {1-8},
  url     = {http://jmlr.org/papers/v22/20-1364.html}
}

% two videos
@misc{youtube2019,
  author = {Samuel Arzt},
  title = {AI Learns to Park - Deep Reinforcement Learning},
  year = {2019},
  url = {https://www.youtube.com/watch?v=VMp6pq6_QjI}
}

@misc{youtube2022,
  author = {Matthew Euliano},
  title = {Parallel Parking using Reinforcement Learning - Unity3D and ML-Agents},
  year = {2022},
  url = {https://www.youtube.com/watch?v=QDVwSAgY6cA}
}

@article{elallid2022comprehensive,
  title={A comprehensive survey on the application of deep and reinforcement learning approaches in autonomous driving},
  author={Elallid, Badr Ben and Benamar, Nabil and Hafid, Abdelhakim Senhaji and Rachidi, Tajjeeddine and Mrani, Nabil},
  journal={Journal of King Saud University-Computer and Information Sciences},
  volume={34},
  number={9},
  pages={7366--7390},
  year={2022},
  publisher={Elsevier}
}

% --------sensoring-------------
@article{yurtsever2020survey,
  title={A survey of autonomous driving: Common practices and emerging technologies},
  author={Yurtsever, Ekim and Lambert, Jacob and Carballo, Alexander and Takeda, Kazuya},
  journal={IEEE access},
  volume={8},
  pages={58443--58469},
  year={2020},
  publisher={IEEE}
}


